% Encoding: UTF-8

@inproceedings{DTrace2004,
  title={Dynamic Instrumentation of Production Systems},
  author={Bryan Cantrill and Michael W. Shapiro and Adam H. Leventhal},
  booktitle={USENIX Annual Technical Conference, General Track},
  year={2004}
}

@article{DynamicPI1994,
  title={Dynamic program instrumentation for scalable performance tools},
  author={Jeffrey K. Hollingsworth and Barton P. Miller and Jon Cargille},
  journal={Proceedings of IEEE Scalable High Performance Computing Conference},
  year={1994},
  pages={841-850}
}
